@misc{mlpSchema,
  title = {ASSESSMENT OF ARTIFICIAL NEURAL NETWORK FOR BATHYMETRY ESTIMATION USING HIGH RESOLUTION SATELLITE IMAGERY IN SHALLOW LAKES: CASE STUDY EL BURULLUS LAKE.},
  howpublished = "\url{https://www.researchgate.net/publication/303875065_ASSESSMENT_OF_ARTIFICIAL_NEURAL_NETWORK_FOR_BATHYMETRY_ESTIMATION_USING_HIGH_RESOLUTION_SATELLITE_IMAGERY_IN_SHALLOW_LAKES_CASE_STUDY_EL_BURULLUS_LAKE}",
  note = "[Online]",
}





@misc{mlp,
  title = {Perceptron wielowarstwowy},
  howpublished = "\url{https://pl.wikipedia.org/wiki/Perceptron_wielowarstwowy}",
  note = "[Online]",
}



@misc{kaggle,
  title = {Kaggle},
  howpublished = "\url{https://www.kaggle.com/spscientist/students-performance-in-exams}",
  note = "[Online]",
}



@misc{dataset,
  title = {Sztuczne Sieci Neuronowe -  Wyklad},
  howpublished = "\url{https://upel2.cel.agh.edu.pl/wfiis/course/view.php?id=134}",
  note = "[Online]",
}