@misc{dataset,
  title = {Students Performance in Exams},
  howpublished = "\url{https://www.kaggle.com/spscientist/students-performance-in-exams}",
  note = "[Online]",
}



